@misc{quraishi2025saf,
  title        = {SAF: Scalable Acceleration Framework for dynamic and flexible scaling of FPGAs},
  author       = {Masudul Quraishi and Michael Riera and Fengbo Ren and Aman Arora and Aviral Shrivastava},
  year         = {2025},
  month        = {Mar},
  note         = {arXiv preprint arXiv:2503.00974},
  url          = {https://arxiv.org/abs/2503.00974}
}

@techreport{peng2024lsm,
  author       = {Sirui Peng and Lin Yang and Zhikang Ding and Xingyu Chen and Xu Kong
                  and Haidong Tian and Xiankui Xiong and Xiaoyong Xue and Xiaoyang Zeng},
  title        = {LSM-Tree Based Hardware System Design for Compaction Acceleration},
  institution  = {EasyChair Preprint No. 15499, School of Microelectronics, Fudan Univ. \& ZTE},
  year         = {2024},
  month        = {Nov},
  note         = {Available at \url{https://easychair.org/publications/preprint/15499}}
}

@inproceedings{zhang2020fpga,
  author       = {Teng Zhang and Jianying Wang and Xuntao Cheng and Hao Xu and Nanlong Yu
                  and Gui Huang and Tieying Zhang and Dengcheng He and Feifei Li
                  and Wei Cao and Zhongdong Huang and Jianling Sun},
  title        = {FPGA-Accelerated Compactions for LSM-based Key-Value Store},
  booktitle    = {Proceedings of the 18th USENIX Conference on File and Storage Technologies (FAST '20)},
  year         = {2020},
  month        = {Feb},
  pages        = {225--239},
  address      = {Santa Clara, CA},
  publisher    = {USENIX Association},
  url          = {https://www.usenix.org/conference/fast20/presentation/zhang-teng}
}

@inproceedings{ashkiani2018gpu,
  author       = {Ashkiani, Saman and Li, Shengren and Farach-Colton, Martin and Amenta, Nina and Owens, John D.},
  title        = {GPU LSM: A Dynamic Dictionary Data Structure for the GPU},
  booktitle    = {Proceedings of the 32nd IEEE International Parallel and Distributed Processing Symposium (IPDPS)},
  year         = {2018},
  pages        = {430--440},
  organization = {IEEE},
  doi          = {10.1109/IPDPS.2018.00053}
}

@inproceedings{zhou2024gpuaccel,
  author    = {Zhou, Hao and Chen, Yuanhui and Cui, Lixiao and Wang, Gang and Liu, Xiaoguang},
  title     = {A GPU-Accelerated Compaction Strategy for LSM-based Key-Value Store System},
  booktitle = {Proceedings of the 38th International Conference on Massive Storage Systems and Technology (MSST)},
  year      = {2024},
  month     = {June},
  note      = {Paper 3.3},
  url       = {https://www.msstconference.org/MSST-history/2024/Papers/msst24-3.3.pdf}
}

@article{sun2024glsm,
  author  = {Sun, Hui and Xu, Jinfeng and Jiang, Xiangxiang and Chen, Guanzhong and Yue, Yinliang and Qin, Xiao},
  title   = {gLSM: Using GPGPU to Accelerate Compactions in LSM-tree-based Key-value Stores},
  journal = {ACM Transactions on Storage},
  volume  = {20},
  number  = {1},
  pages   = {1--41},
  year    = {2024},
  month   = {Jan},
  doi     = {10.1145/3633782}
}
@article{zhang2024gpgpu,
  author  = {Zhang, Yifan and Zhang, Yuxin and Wang, Zhen and Liu, Xiaoguang},
  title   = {GPGPU-Accelerated Compaction for LSM-Tree Based Key-Value Store},
  journal = {ACM Transactions on Storage},
  volume  = {20},
  number  = {1},
  pages   = {1--25},
  year    = {2024},
  month   = {Jan},
  doi     = {10.1145/3633783}
}


@article{dayan2017monkey,
  author       = {Niv Dayan and Manos Athanassoulis and Stratos Idreos},
  title        = {Monkey: Optimal Navigable Key-Value Store},
  booktitle    = {Proceedings of the 2017 International Conference on Management of Data (SIGMOD)},
  pages        = {79--94},
  year         = {2017},
  publisher    = {ACM}
}

@inproceedings{dayan2018dostoevsky,
  author       = {Niv Dayan and Stratos Idreos},
  title        = {Dostoevsky: Better Spaceâ€“Time Trade-Offs for LSM-Tree Based Key-Value Stores via Adaptive Removal of Superfluous Merging},
  booktitle    = {Proceedings of the 2018 International Conference on Management of Data (SIGMOD)},
  pages        = {505--520},
  year         = {2018},
  publisher    = {ACM}
}

@inproceedings{dayan2019log,
  author       = {Niv Dayan and Stratos Idreos},
  title        = {The Log-Structured Merge-Bush \& the Wacky Continuum},
  booktitle    = {Proceedings of the 2019 International Conference on Management of Data (SIGMOD)},
  year         = {2019},
  publisher    = {ACM}
}

@article{rocksdb,
  author = {Siyong Dong, Andrew Kryczka, Yangqin Zin},
  journal = {Acm Transactions on Storage},
  number = {4},
  title = {RocksDB: Evolution of Development Priorities in a Key-value Store Serving Large-scale Applications},
  volume = {17},
  year = {2023}
}

@article{bobda2022future,
  title={The Future of {FPGA} Acceleration in Datacenters and the Cloud},
  author={Bobda, Christophe and Mbongue, Joel Mandebi and Chow, Paul and Ewais, Mohammad and Tarafdar, Naif and Vega, Juan Camilo and Eguro, Ken and Koch, Dirk and Handagala, Suranga and Leeser, Miriam and Herbordt, Martin and Shahzad, Hafsah and Hofste, Peter and Ringlein, Burkhard and Szefer, Jakub and Sanaullah, Ahmed and Tessier, Russell},
  journal={ACM Transactions on Reconfigurable Technology and Systems},
  volume={15},
  number={3},
  pages={1--42},
  year={2022},
  month={February},
  publisher={ACM},
  doi={10.1145/3506713},
  url={https://dl.acm.org/doi/10.1145/3506713}
}